@book{Aho:72,
    author  = {Alfred V. Aho and Jeffrey D. Ullman},
    title   = {The Theory of Parsing, Translation and Compiling},
    year    = "1972",
    volume  = "1",
    publisher = {Prentice-Hall},
    address = {Englewood Cliffs, NJ}
}

@book{APA:83,
    author  = {{American Psychological Association}},
    title   = {Publications Manual},
    year    = "1983",
   publisher = {American Psychological Association},
   address = {Washington, DC}
}

@article{Chandra:81,
	author = {Ashok K. Chandra and Dexter C. Kozen and Larry J. Stockmeyer},
	year = "1981",
	title = {Alternation},
	journal = {Journal of the Association for Computing Machinery},
	volume = "28",
	number = "1",
	pages = "114--133",
	doi = "10.1145/322234.322243",
}



@book{Gusfield:97,
    author  = {Dan Gusfield},
    title   = {Algorithms on Strings, Trees and Sequences},
    year    = "1997",
    publisher = {Cambridge University Press},
    address = {Cambridge, UK}
}

@article{rasooli-tetrault-2015,
    author    = {Mohammad Sadegh Rasooli and Joel R. Tetreault},
    title     = {Yara Parser: {A} Fast and Accurate Dependency Parser},
    journal   = {Computing Research Repository},
    volume    = {arXiv:1503.06733},
    year      = {2015},
    url       = {http://arxiv.org/abs/1503.06733},
    note    = {version 2}
}

@inproceedings{borsch2011,
	title={A particle filter algorithm for {B}ayesian wordsegmentation},
	author={Borschinger, Benjamin and Johnson, Mark and others},
	booktitle = {Proceedings of the Australasian Language Technology Association Workshop 2011},
	year={2011},
	address = {Canberra, Australia},
	pages = {10--18},
}


@article{ACM:83,
	author = {Association for Computing Machinery},
	year = "1983",
	journal = {Computing Reviews},
	volume = "24",
	number = "11",
	pages = "503--512",
}

@inproceedings{leong-etal-2018-report,
    title = "A Report on the 2018 {VUA} Metaphor Detection Shared Task",
    author = "Leong, Chee Wee (Ben)  and
      Beigman Klebanov, Beata  and
      Shutova, Ekaterina",
    booktitle = "Proceedings of the Workshop on Figurative Language Processing",
    month = jun,
    year = "2018",
    address = "New Orleans, Louisiana",
    publisher = "Association for Computational Linguistics",
    url = "https://www.aclweb.org/anthology/W18-0907",
    doi = "10.18653/v1/W18-0907",
    pages = "56--66"
}

@article{PaulusXS17,
  author    = {Romain Paulus and
               Caiming Xiong and
               Richard Socher},
  title     = {A Deep Reinforced Model for Abstractive Summarization},
  journal   = {CoRR},
  volume    = {abs/1705.04304},
  year      = {2017},
  url       = {http://arxiv.org/abs/1705.04304},
  archivePrefix = {arXiv},
  eprint    = {1705.04304},
  timestamp = {Mon, 13 Aug 2018 16:48:58 +0200},
  biburl    = {https://dblp.org/rec/journals/corr/PaulusXS17.bib},
  bibsource = {dblp computer science bibliography, https://dblp.org}
}


